<record><leader>00000cas a22000007a 4500</leader><controlfield tag="001">16713276</controlfield><controlfield tag="008">870918d18711873ohuwr ne      0    0eng d</controlfield><datafield ind1=" " ind2=" " tag="010"><subfield code="a">sn 87075035 </subfield></datafield><datafield ind1=" " ind2=" " tag="040"><subfield code="a">ONP</subfield><subfield code="b">eng</subfield><subfield code="c">ONP</subfield><subfield code="d">OCLCQ</subfield></datafield><datafield ind1=" " ind2=" " tag="042"><subfield code="a">msc</subfield></datafield><datafield ind1="0" ind2="4" tag="245"><subfield code="a">The Somerset tribune.</subfield></datafield><datafield ind1=" " ind2=" " tag="260"><subfield code="a">Somerset, Ohio :</subfield><subfield code="b">James F. McMahon,</subfield><subfield code="c">1871-1873.</subfield></datafield><datafield ind1=" " ind2=" " tag="310"><subfield code="a">Weekly</subfield></datafield><datafield ind1="0" ind2=" " tag="362"><subfield code="a">Vol. 1, no. 1 (Sept. 6, 1871)-v. 2, no. 26 (Feb. 27, 1873).</subfield></datafield><datafield ind1=" " ind2=" " tag="580"><subfield code="a">Publication moved to New Lexington, Ohio and became: New Lexington tribune (New Lexington, Ohio : 1873). Before the New Lexington tribune (New Lexington, Ohio : 1873) printed its first issue, the newspaper absorbed: Perry County Republican (New Lexington, Ohio).</subfield></datafield><datafield ind1=" " ind2=" " tag="752"><subfield code="a">United States</subfield><subfield code="b">Ohio</subfield><subfield code="c">Perry</subfield><subfield code="d">Somerset.</subfield></datafield><datafield ind1="1" ind2="0" tag="785"><subfield code="t">New Lexington tribune (New Lexington, Ohio : 1873)</subfield><subfield code="w">(DLC)sn 85038089</subfield></datafield><datafield ind1="1" ind2="5" tag="785"><subfield code="t">Perry County Republican (New Lexington, Ohio)</subfield><subfield code="w">(DLC)sn 87075018</subfield></datafield></record>